%% LaTeX2e file `embedded.bib'
%% generated by the `filecontents' environment
%% from source `neutr-example-formatting' on 2024/03/06.
%%
@online{ieee2015howto,
    author = {Michael Shell},
    title = {How to Use the {IEEEtran} \LaTeX\ Class},
    url = {http://mirrors.ctan.org/macros/latex/contrib/IEEEtran/IEEEtran_HOWTO.pdf},
    year = {2015}
}
@online{ieee2018formattingrules,
    author = {{IEEE}},
    title = {Conference Template and Formatting Specifications},
    url = {https://www.ieee.org/content/dam/ieee-org/ieee/web/org/conferences/Conference-template-A4.doc},
    year = {2018}
}
@online{iaria2014formattingrules,
    author = {{IARIA}},
    title = {Formatting Rules},
    url = {http://www.iaria.org/formatting.doc},
    year = {2014}
}
@online{iaria2009editorialrules,
    _author = {Cosmin Dini},
    author = {{IARIA}},
    title = {Editorial Rules},
    url = {https://www.iaria.org/editorialrules.html},
    year = {2009}
}
@article{eason1955certain,
    title={On certain integrals of Lipschitz-Hankel type involving products of {Bessel} functions},
    author={Eason, George and Noble, Benjamin and Sneddon, Ian Naismith},
    journal={Philosophical Transactions of the Royal Society of London. Series A, Mathematical and Physical Sciences},
    volume={247},
    number={935},
    pages={529--551},
    year={1955},
    publisher={The Royal Society London}
}
@book{maxwell1873treatise,
    title={A Treatise on Electricity and Magnetism},
    author={Maxwell, James Clerk},
    volume={2},
    edition={3rd},
    year={1873},
    publisher={Oxford: Clarendon Press}
}
@article{jacobs1963fine,
    title={Fine particles, thin films and exchange anisotropy},
    author={Jacobs, I S and C P Bean},
    journal={Magnetism},
    volume={3},
    pages={271--350},
    year={1963},
    publisher={New York: Academic}
}
@unpublished{four,
    author = {K Elissa},
    title  = {Title of paper if known},
    note   = {unpublished}
}
@article{five,
    title={Title of paper with only first word capitalized},
    author={R Nicole},
    journal={J. Name Stand},
    note={in press}
}
@article{yorozu1987electron,
    title={Electron spectroscopy studies on magneto-optical media and plastic substrate interface},
    author={Yorozu, T and Hirano, M and Oka, K and Tagawa, Y},
    journal={IEEE Transl. J. Magn. Japan},
    volume={2},
    pages={740--741},
    year={1987},
    month=aug,
    publisher={IEEE},
    note = {[Digests 9th Annual Conf. Magnetics Japan, p. 301, 1982]}
}
@book{young2002technical,
    title={The Technical Writerâ€™s Handbook},
    author={Young, Matt},
    year={1989},
    publisher={University Science},
    address={Mill Valley, CA}
}
@article{kornack2001cell,
    title={{Cell Proliferation without Neurogenesis in Adult Primate Neocortex}},
    author={Kornack, David and Rakic, Pasko},
    journal={Science},
    volume={294},
    pages={2127--2130},
    month=dec,
    year={2001},
    doi={10.1126/science.1065467}
}
@inproceedings{kito2013emergent,
    title={{Emergent Design System Using Computer-Human Interactions and Serendipity}},
    author={Kito, Akira and Mizumachi, Yuki and Sato, Koichiro and Matsuoka, Yoshiyuki},
    booktitle={The Sixth International Conference on Advances in Computer-Human Interactions (ACHI 2013) IARIA},
    pages={7--12},
    year={2013},
    month=feb,
    issn={2308-4138},
    isbn={978-1-61208-250-9}
}
@inproceedings{goto2007efficient,
    title={{Efficient Scheduling Focusing on the Duality of MPL Representatives}},
    author={Goto, Hiroyuki and Hasegawa, Yusuke and Tanaka, Masaki},
    booktitle={Proc. IEEE Symp. Computational Intelligence in Scheduling (SCIS 07)},
    pages={57--64},
    year={2007},
    month=dec,
    organization={IEEE Press},
    doi={10.1109/SCIS.2007.357670}
}
