    @TECHREPORT{selfref,
        author = {Vorname1 Nachname1 and Philipp Stangl and Vorname3 Nachname3 and Vorname4 Nachname4 and Vorname5 Nachname5 and Philipp Stangl and Christoph P. Neumann},
        title  = {\NeutrTitleBib},
        institution = {\NeutrInstitution, \NeutrDepartment},
        series = {\NeutrSeries},
        number = {\NeutrNumber},
        year   = {2023},
        month  = {7},
  langid  = {english},
    }
