 @TECHREPORT{selfref,
  author = {Christoph P. Neumann},
  title  = {\NeutrTitleBib},
  institution = {\NeutrInstitution, \NeutrDepartment},
  series = {\NeutrSeries},
  number = {\NeutrNumber},
  year   = {2024},
  month  = {3},
  langid  = {english},
 }
